01,062001319,062001319,060506,0341,1,,,2/
02,,062001319,1,060505,,USD,2/
03,170008041880686,USD,010,0,,,015,0,,,040,0,,,045,0,,,050,0,,,055,3600,,,072/
88,0,,,074,0,,,075,0,,,100,4614950,000001,,400,4614950,000014,/
16,275,4614950,,0000000000, ,/
16,451,175128,,0357413701, ,ACH DR MRS ASSOCIATES   MRS PAYMEN/
88,6667704
16,475,1795928,,0125966280,9147,/
16,475,1022730,,0126070820,9138,/
16,475,600726,,0125965680,9145,/
16,475,197800,,0126089240,9106,/
16,475,188412,,0126083870,9080,/
16,475,148683,,0126063820,9088,/
16,475,118985,,0126063730,9082,/
16,475,108600,,0126068100,9143,/
16,475,104828,,0126018470,9141,/
16,475,58200,,0125980630,9070,/
16,475,50000,,0126096170,9139,/
16,475,28700,,0126089250,9092,/
16,475,16230,,0126084630,9093,/
49,18463400,19/
03,170008036531328,USD,010,287910619,,,015,306566866,,,040,-4963954,,,045/
88,282656524,,,050,294015000,,,055,276310700,,,072,18946388,,,074,4963954,,/
88,075,249910,,,100,23477250,000001,,400,4821003,000010,/
16,115,23477250,,0119165250, ,/
16,477,93153,,0930076415, ,/
16,555,45000,,0000124909, ,/
16,555,22200,,0000124907, ,/
16,555,22100,,0000124905, ,/
16,555,21200,,0000124903, ,/
16,567,600,,0000124904, ,/
16,567,600,,0000124906, ,/
16,567,600,,0000124908, ,/
16,567,600,,0000124910, ,/
16,575,4614950,,0000000000, ,/
49,1523252513,15/
98,1541715913,2,36/
99,1541715913,1,38/
