01,062001319,054692306,060428,0001,2,80,,2/
02,054692306,062001319,1,060427,,,2/
03,31000000000001,,015,+000000073600,,,040,+000000063600,,,010,+00000068990,,/
88,045,+0000000063600,,,050,+0000000067200,,,055,+0000000104300,,/
88,072,+0000000000000,,,074,+0000000010000,,,075,+0000000000000,,/
88,100,0000000024687,000001,,400,0000000020077,000001,/
16,174,0000000024687,,3077382890,6060,/
16,451,0000000020077,,0680082248,,ACH DR CASH CONCENTRATI ACH
49,+0000000540818,0000007/
03,310000000003,,015,+000358096221,,,040,+000358096221,,,010,+00333446466,,/
88,045,+0000358096221,,,050,+0000179767500,,,055,+0000149805100,,/
88,072,+0000000000000,,,074,+0000000000000,,,075,+0000000000000,,/
88,100,0000024794681,000002,,400,0000000144926,000001,/
16,142,0000024789500,,0297554460,,ACH CR PAYMAP, INC.     PC
88,904520522
16,142,0000000005181,,0323656824,,ACH CR PAYMAP, INC.     MTG PAYMNT
88,196392236
16,451,0000000144926,,0401862178,,ACH DR PAYMAP, INC.     PC
88,904531604
49,+0001787186943,0000011/
03,320000000000002,,015,+000000000000,,,040,+000000000000,,,010,+00000000000,,/
88,045,+0000000000000,,,050,+0000005555500,,,055,+0000020512800,,/
88,072,+0000000000000,,,074,+0000000000000,,,075,+0000000000000,,/
88,100,0000057601172,000004,,400,0000057601172,000018,/
16,275,0000045412886,,0000000000,,/
16,195,0000011754333,,0944025693,,WIRE CR EASTERN SAVINGS BANK, FSB 02
88,21695711BERTALINA MEDINA
16,174,0000000400000,,3077838680,,/
16,174,0000000033953,,3077838700,,/
16,495,0000004636373,,0944025694,,WIRE DR MELISSA I. BAUTISTA 00002347
88,19
16,475,0000023060010,,3076672320,1076125010,/
16,575,0000012188286,,0000000000,,/
16,475,0000011344789,,3076964490,1076125001,/
16,475,0000002809999,,3076968770,1076125002,/
16,475,0000001399800,,3063355490,1076124981,/
16,475,0000000918875,,3063321040,1076125000,/
16,475,0000000304900,,3076968750,1076124976,/
16,475,0000000265896,,3063371180,1076124995,/
16,475,0000000260429,,3063355520,1076124985,/
16,475,0000000142600,,3063355500,1076124966,/
16,475,0000000115005,,3063355510,1076125004,/
16,475,0000000081600,,3063355630,10762498,/
16,475,0000000041595,,3063355530,1076124982,/
16,475,0000000015000,,3076722010,1076124718,/
16,475,0000000007500,,3076909030,1076124904,/
16,475,0000000006765,,3063355540,1076124983,/
16,475,0000000001750,,3063355650,1076124991,/
49,+0000256472988,0000029/
03,320000000000003,,015,+000000000000,,,040,+000000000000,,,010,+00000000000,,/
88,045,+0000000000000,,,050,+0000005555500,,,055,+0000020512800,,/
88,072,+0000000000000,,,074,+0000000000000,,,075,+0000000000000,,/
88,100,0000194533758,000010,,400,0000194533758,000033,/
16,195,0000048366377,,0944025696,,WIRE CR JACKSONVILLE RETAIL 68437773
88,24 HERRERA
16,275,0000027196236,,0000000000,,/
16,174,0000021919467,,3077440470,,/
16,195,0000021218808,,0944025703,,WIRE CR RFC / LENDERS DIRECT CAPITAL
88, CORP 1079 1155443, RAMOS
16,195,0000018278448,,0944025695,,WIRE CR BANKUNITED, FSB MARCIO L JAQ
88,UES: 0004823951
16,195,0000016627962,,0944025698,,WIRE CR RFC/MORTGAGE LENDERS NETWORK
88, SILVA 5100002076 LOAN-510000207
16,195,0000016351744,,0944025697,,WIRE CR BANKUNITED, FSB LUIS VAN OOR
88,DT: 0004826327
16,195,0000015262096,,0944025702,,WIRE CR FLAGSTARBANK LOAN501067669WH
88, FUNDING FORLUPPINORICCO
16,195,0000005247812,,0944025704,,WIRE CR RFC / LENDERS DIRECT CAPITAL
88, CORP 1079 1155443, RAMOS
16,195,0000004064808,,0944025699,,WIRE CR RFC/MORTGAGE LENDERS NETWORK
88, SILVA 5100002083 LOAN-510000208
16,495,0000010954899,,0944025701,,WIRE DR LUIS VAN OORDT AND 000023476
88,3
16,495,0000006402560,,0944025700,,WIRE DR CARLA FIALHO 0000234763
16,575,0000167337522,,0000000000,,/
16,475,0000005167833,,3076676800,1079152907,/
16,475,0000001832223,,3076964420,1079152934,/
16,475,0000000724050,,3063361930,1079152866,/
16,475,0000000507960,,3063371700,1079152908,/
16,475,0000000301000,,3063361110,1079152851,/
16,475,0000000217000,,3063361070,1079152872,/
16,475,0000000198450,,3063361160,1079152894,/
16,475,0000000161400,,3063387430,1079152607,/
16,475,0000000130850,,3063361120,1079152852,/
16,475,0000000112000,,3063361130,1079152884,/
16,475,0000000104080,,3063361170,1079152895,/
16,475,0000000090030,,3063361150,1079152891,/
16,475,0000000048980,,3063313430,1079152811,/
16,475,0000000047600,,3063361090,1079152819,/
16,475,0000000045000,,3063367050,1079152814,/
16,475,0000000041265,,3076967590,1079152616,/
16,475,0000000019700,,3076901920,1079152549,/
16,475,0000000018180,,3063361100,1079152912,/
16,475,0000000011100,,3063361080,1079152889,/
16,475,0000000010000,,3063382410,1079152720,/
16,475,0000000008200,,3063367040,1079152812,/
16,475,0000000007000,,3063367030,1079152865,/
16,475,0000000006766,,3076722030,1079151894,/
16,475,0000000006250,,3063361140,1079152910,/
16,475,0000000006000,,3063367020,1079152648,/
16,475,0000000005000,,3076722020,1079152356,/
16,475,0000000003900,,3063313420,1079152864,/
16,475,0000000003610,,3063313410,1079152647,/
16,475,0000000002500,,3063313840,1079152306,/
16,475,0000000000850,,3076919500,1079152704,/
49,+0000804203332,0000057/
03,32000000000004,,015,+000000000000,,,040,+000000000000,,,010,+00000000000,,/
88,045,+0000000000000,,,050,+0000005555500,,,055,+0000020512800,,/
88,072,+0000000000000,,,074,+0000000000000,,,075,+0000000000000,,/
88,100,0000097345924,000003,,400,0000097345924,000021,/
16,195,0000043577967,,0944025706,,WIRE CR COUNTRYWIDE HOME LOANS KAREN
88, BRIEFMAN(132916305)AGENT, CLOSI
16,174,0000040175570,,3077440420,,/
16,275,0000013592387,,0000000000,,/
16,495,0000000575900,,0944025708,,WIRE DR M & W MORTGAGE CONSULTANTS,I
88,NC. 0000234796
16,495,0000000349847,,0944025707,,WIRE DR WORLD SAVINGS 0000234796
16,495,0000000130250,,0944025709,,WIRE DR M & W MORTGAGE CONSULTANTS,I
88,NC. 0000234796
16,495,0000000097500,,0944025711,,WIRE DR BANK OF FLORIDA 0000234796
16,495,0000000029500,,0944025710,,WIRE DR BANK OF FLORIDA 0000234796
16,575,0000083753537,,0000000000,,/
16,475,0000005875320,,3077440450,1080129581,/
16,475,0000002937828,,3076964330,1080129554,/
16,475,0000001768268,,3076964340,1080129555,/
16,475,0000000609200,,3076767380,1080129415,/
16,475,0000000573100,,3063355970,1080129390,/
16,475,0000000181835,,3063355980,1080129388,/
16,475,0000000146925,,3063355960,1080129357,/
16,475,0000000114850,,3063356000,1080129392,/
16,475,0000000088875,,3063355990,1080129394,/
16,475,0000000061900,,3076968010,1080129539,/
16,475,0000000015000,,3063318480,1080129514,/
16,475,0000000012669,,3076965100,1080129443,/
16,475,0000000011700,,3076961120,1080129380,/
16,475,0000000010000,,3077822090,1080129522,/
16,475,0000000001920,,3063360420,1080129577,/
49,+0000415451996,0000032/
03,32000000000005,,015,+000000000000,,,040,+000000000000,,,010,+00000000000,,/
88,045,+0000000000000,,,050,+0000005555500,,,055,+0000020512800,,/
88,072,+0000000000000,,,074,+0000000000000,,,075,+0000000000000,,/
88,100,0000117156265,000006,,400,0000117156265,000007,/
16,195,0000048203293,,0944025715,,WIRE CR RFC/MORTGAGE LENDERS NETWORK
88, BONFANTI 5100002561 LOAN-510000
16,195,0000039264236,,0944025713,,WIRE CR WILMINGTON FINANCE OGARRO, J
88,ACQUELINE; REF# 1078-1140464; 89
16,195,0000012153987,,0944025714,,WIRE CR RFC/MORTGAGE LENDERS NETWORK
88, BONFANTI 5100002567 LOAN-510000
16,275,0000009474820,,0000000000,,/
16,195,0000008050664,,0944025712,,WIRE CR WMC MORTGAGE CORP
16,174,0000000009265,,3077808720,,/
16,476,0000000543673,,3077862130,1078121876,/
16,575,0000107681445,,0000000000,,/
16,475,0000008027605,,3076819930,1078121864,/
16,475,0000000696742,,3063341600,1078121859,/
16,475,0000000189300,,3076914900,1078121773,/
16,475,0000000010000,,3077664620,1078121850,/
16,475,0000000007500,,3063379130,1078121769,/
49,+0000494693360,0000021/
03,32000000000005,,015,+000000000000,,,040,+000000000000,,,010,+00000000000,,/
88,045,+0000000000000,,,050,+0000005555500,,,055,+0000020512800,,/
88,072,+0000000000000,,,074,+0000000000000,,,075,+0000000000000,,/
88,100,0000137102916,000002,,400,0000137102916,000018,/
16,275,0000133481699,,0000000000,,/
16,174,0000003621217,,3077660120,,/
16,495,0000023239803,,0944025717,,WIRE DR AMC MORTGAGE SERVICES 000023
88,4818
16,495,0000002400703,,0944025716,,WIRE DR YAMILE SANTIESTEBAN 00002348
88,18
16,475,0000032827456,,3076968430,1077125390,/
16,475,0000015614631,,3076968670,1077125404,/
16,475,0000013840595,,3076973800,1077125357,/
16,475,0000011641907,,3063371130,1077125325,/
16,475,0000011273932,,3076973780,1077125373,/
16,475,0000011046133,,3076673040,1077125398,/
16,475,0000009064140,,3076968270,1077125338,/
16,575,0000003621217,,0000000000,,/
16,475,0000001744769,,3076968260,1077125339,/
16,475,0000000400000,,3063393350,1077125384,/
16,475,0000000200000,,3076923130,1077125331,/
16,475,0000000067000,,3076964460,1077125368,/
16,475,0000000059760,,3076870440,1077125328,/
16,475,0000000033500,,3076920720,1077125323,/
16,475,0000000017507,,3076870470,1077125330,/
16,475,0000000009863,,3063355900,1077125132,/
49,+0000574479964,0000027/
03,3200000003000006,,015,+000000000000,,,040,+000000000000,,,010,+00000000000,,/
88,045,+0000000000000,,,050,+0000005555500,,,055,+0000020512800,,/
88,072,+0000000000000,,,074,+0000000000000,,,075,+0000000000000,,/
88,100,0000202444160,000006,,400,0000202444160,000047,/
16,275,0000115811639,,0000000000,,/
16,195,0000031276042,,0944025870,,WIRE CR COUNTRYWIDE HOME LOANS EVET
88,HENRY(134988521)X, X --
16,195,0000024291066,,0944025871,,WIRE CR JPMCB N.A. LOAN FUNDING OPER
88,ATING 30143845; ; 242910.66 GOOD
16,195,0000018484100,,0944025873,,WIRE CR DECISION ONE MORTGAGE COMPAN
88,Y, LLC 1139449 ZURITA, JULIA
16,174,0000008016213,,3077763350,,/
16,195,0000004565100,,0944025872,,WIRE CR DECISION ONE MORTGAGE COMPAN
88,Y, LLC ZURITA, JULIA
16,475,0000000021274,,3077852720,1002115599,/
16,575,0000086632521,,0000000000,,/
16,475,0000035236688,,3076968810,1002116727,/
16,475,0000027392511,,3076695210,1002116332,/
16,475,0000017087111,,3076971610,1002116730,/
16,475,0000014269040,,3076900690,1002116703,/
16,475,0000010429584,,3076963250,1002116692,/
16,475,0000002939178,,3076901480,1002116693,/
16,475,0000001806409,,3076972970,1002116697,/
16,475,0000001681462,,3076973790,1002116714,/
16,475,0000000546200,,3063313870,1002116516,/
16,475,0000000503300,,3076764070,1002116726,/
16,475,0000000379100,,3076963780,1002116176,/
16,475,0000000350000,,3063371890,1002116626,/
16,475,0000000309000,,3076964660,1002116553,/
16,475,0000000272300,,3063371730,1002116694,/
16,475,0000000250200,,3076678140,1002116261,/
16,475,0000000245280,,3063371900,1002116627,/
16,475,0000000209300,,3063371810,1002116636,/
16,475,0000000178430,,3063371660,1002115748,/
16,475,0000000161100,,3076976120,1002116548,/
16,475,0000000151760,,3063371800,1002116612,/
16,475,0000000139930,,3063371840,1002116590,/
16,475,0000000131250,,3063371770,1002116680,/
16,475,0000000127960,,3063371750,1002116701,/
16,475,0000000114700,,3063371860,1002116606,/
16,475,0000000113860,,3063371720,1002116689,/
16,475,0000000107915,,3063371850,1002116591,/
16,475,0000000107830,,3063371870,1002116607,/
16,475,0000000106720,,3063371760,1002116681,/
16,475,0000000075472,,3063371670,1002115749,/
16,475,0000000062990,,3063371690,1002116450,/
16,475,0000000060310,,3063371880,1002116620,/
16,475,0000000050500,,3076722000,1002115791,/
16,475,0000000042085,,3063371780,1002116704,/
16,475,0000000037500,,3063384820,1002116683,/
16,475,0000000030710,,3063371830,1002116586,/
16,475,0000000030000,,3076721990,1002115901,/
16,475,0000000026200,,3076881550,1002116550,/
16,475,0000000010000,,3076975620,1002116583,/
16,475,0000000004460,,3063371680,1002116444,/
16,475,0000000003610,,3063371820,1002116637,/
16,475,0000000002000,,3063337770,1002116656,/
16,475,0000000001910,,3063371740,1002116695,/
16,475,0000000001500,,3063326510,1002116584,/
16,475,0000000001500,,3063326500,1002116598,/
16,475,0000000001500,,3063326490,1002116655,/
49,+0000835844940,0000062/
03,32000000000007,,015,+000000000000,,,040,+000000000000,,,010,+00000000000,,/
88,045,+0000000000000,,,050,+0000005555500,,,055,+0000020512800,,/
88,072,+0000000000000,,,074,+0000000000000,,,075,+0000000000000,,/
88,100,0000028977862,000002,,400,0000028977862,000002,/
16,195,0000028957862,,0944025874,,WIRE CR WELLS FARGO HOME MORTGAGE 03
88,8918 0151592508 FILE 21061145671
16,275,0000000020000,,0000000000,,/
16,575,0000028957862,,0000000000,,/
16,475,0000000020000,,3063343920,2106103926,/
49,+0000141979748,0000010/
03,32000000000008,,015,+000000000000,,,040,+000000000000,,,010,+00000000000,,/
88,045,+0000000000000,,,050,+0000005555500,,,055,+0000020512800,,/
88,072,+0000000000000,,,074,+0000000000000,,,075,+0000000000000,,/
88,100,0000200381319,000008,,400,0000200381319,000042,/
16,275,0000161128379,,0000000000,,/
16,195,0000012959300,,0944025897,,WIRE CR DECISION ONE MORTGAGE COMPAN
88,Y, LLC ALIANCIN, OBERDE
16,195,0000010794686,,0944025896,,WIRE CR WASHINGTON MUTUAL BANK FA 30
88,61641654LAWRENCE  2146-11494  73
16,195,0000006864804,,0944025898,,WIRE CR NORMAN A RUSSELL
16,195,0000004866475,,0944025901,,WIRE CR DB NATL TRUST CO - CTAS 6997
88,506- HERNANDEZ FIRST AMERICAN TI
16,195,0000003635960,,0944025899,,WIRE CR CITIBANK FFC CARMODY REF  10
88,6033102156000
16,174,0000000121030,,3077832150,,/
16,195,0000000010685,,0944025902,,WIRE CR COUNTRYWIDE HOME LOANS LAURA
88, TABACHNICK(133715582)TITLE, CHE
16,476,0000002156295,,3077921110,2146109836,/
16,495,0000026102076,,0944025895,,WIRE DR NORMAN AND PATRICIA A. STEUR
88,Y 0000329451
16,495,0000021494032,,0944025894,,WIRE DR FIRST AMERICAN TITLE INS.CO.
88, 0000329451
16,495,0000008677425,,0944025900,,WIRE DR THEOPHILUS AND SHARON ROBERT
88,S 0000329451
16,575,0000039252940,,0000000000,,/
16,475,0000022001663,,3076963600,2146109781,/
16,475,0000022001663,,3076963920,2146109781,/
16,475,0000018175760,,3076964500,2146109789,/
16,475,0000016627615,,3076973230,2146109676,/
16,475,0000009315473,,3076964220,2146109800,/
16,475,0000007905643,,3076908400,2146109666,/
16,475,0000002660085,,3076963270,2146109778,/
16,475,0000001176939,,3076963430,2146109770,/
16,475,0000000924533,,3076738630,2146109462,/
16,475,0000000462685,,3063388700,2146109710,/
16,475,0000000452251,,3063316720,2146109797,/
16,475,0000000200000,,3063326180,2146109803,/
16,475,0000000193860,,3063371910,2146109665,/
16,475,0000000119500,,3063374560,2146109783,/
16,475,0000000112000,,3076630240,2146109678,/
16,475,0000000110250,,3063371950,2146109697,/
16,475,0000000070000,,3063371920,2146109684,/
16,475,0000000035800,,3076962060,2146109682,/
16,475,0000000030580,,3076722120,2146109122,/
16,475,0000000015000,,3076722050,2146107980,/
16,475,0000000015000,,3076722110,2146108402,/
16,475,0000000014500,,3076722100,2146108305,/
16,475,0000000012800,,3076722080,2146108952,/
16,475,0000000010830,,3063371930,2146109685,/
16,475,0000000010000,,3076722070,2146107768,/
16,475,0000000008350,,3076722060,2146109522,/
16,475,0000000008000,,3076975360,2146109411,/
16,475,0000000005100,,3076738620,2146109467,/
16,475,0000000004460,,3063393250,2146109575,/
16,475,0000000003721,,3076975520,2146109719,/
16,475,0000000003500,,3063311680,2146109661,/
16,475,0000000002550,,3063328290,2146109776,/
16,475,0000000002500,,3076722040,2146109511,/
16,475,0000000002200,,3076722090,2146108953,/
16,475,0000000001980,,3063371940,2146109693,/
16,475,0000000000910,,3076738610,2146109486,/
16,475,0000000000850,,3076908410,2146109686,/
49,+0000827593576,0000063/
03,320000000009,,015,+000000074497,,,040,+000000074497,,,010,+00000266449,,/,045,+0000000071646,,,050,+0000000116900,,,055,+0000000120200,,/
88,072,+0000000002851,,,074,+0000000000000,,,075,+0000000000000,,/
88,100,0000000044219,000001,,400,0000000236171,000001,/
16,174,0000000044219,,3077882940,6485,/
16,451,0000000236171,,0680082240,,ACH DR CASH CONCENTRATI ACH
49,+0000001287820,0000007/
03,32000000010,,015,+000095252372,,,040,+000094488962,,,010,+00125854379,,/
88,045,+0000053966041,,,050,+0000033191100,,,055,+0000071720800,,/
88,072,+0000040522921,,,074,+0000000763410,,,075,+0000000000000,,/
88,100,0000038581009,000002,,400,0000069183016,000008,/
16,174,0000038137309,,3077671150,,/
16,142,0000000443700,,0484868828,,ACH CR BANKCARD ACH1    MTOT DEP
88,518089903205268
16,475,0000000200000,,3077822830,50200,/
16,475,0000000100000,,3077479670,50170,/
16,495,0000060000000,,0944026554,,WIRE DR US BANK 8025356802
16,575,0000008535650,,0000000000,,/
16,451,0000000276888,,0439364916,,ACH DR WELLS FARGO RPS  CASH TRANS
88,440861
16,475,0000000056265,,3076745810,50147,/
16,475,0000000010000,,3063372570,38905,/
16,475,0000000004213,,3063372550,38901,/
49,+0000731288035,0000017/
03,320000000011,,015,+000000001419,,,040,+000000001419,,,010,+00000171616,,/
88,045,+0000000001419,,,050,+0000000080200,,,055,+0000000098000,,/
88,072,+0000000000000,,,074,+0000000000000,,,075,+0000000000000,,/
88,100,0000000000000,000000,,400,0000000170197,000001,/
16,451,0000000170197,,0680082242,,ACH DR CASH CONCENTRATI ACH
49,+0000000694467,0000006/
03,330000000123,,015,+000000086365,,,040,+000000086365,,,010,+00000086365,,/
88,045,+0000000086365,,,050,+0000000997100,,,055,+0000001224500,,/
88,072,+0000000000000,,,074,+0000000000000,,,075,+0000000000000,,/
88,100,0000000000000,000000,,400,0000000000000,000000,/
49,+0000002567060,0000005/
03,3300000000124,,015,+000003133618,,,040,+000002791069,,,010,+00002441685,,/
88,045,+0000002294864,,,050,+0000001928500,,,055,+0000002690100,,/
88,072,+0000000496205,,,074,+0000000342549,,,075,+0000000108141,,/
88,100,0000001191933,000002,,400,0000000500000,000001,/
16,174,0000000913221,,3077599720,,/
16,174,0000000278712,,3077449060,,/
16,451,0000000500000,,0408962940,,ACH DR KNOLOGY          DEP XFER
88,582203141
49,+0000019610597,0000009/
03,340000000125,,015,+000000093299,,,040,+000000085882,,,010,+00000084342,,/
88,045,+0000000083532,,,050,+0000000099900,,,055,+0000000131100,,/
88,072,+0000000002350,,,074,+0000000007417,,,075,+0000000004495,,/
88,100,0000000038415,000001,,400,0000000029458,000001,/
16,174,0000000038415,,3077459300,6077,/
16,451,0000000029458,,0680082244,,ACH DR CASH CONCENTRATI ACH
49,+0000000728063,0000007/
03,340000000126,,015,+000000045119,,,040,+000000045119,,,010,+00000049836,,/
88,045,+0000000042569,,,050,+0000000181200,,,055,+0000000165900,,/
88,072,+0000000002550,,,074,+0000000000000,,,075,+0000000000000,,/
88,100,0000000017950,000001,,400,0000000022667,000001,/
16,174,0000000017950,,3077391770,6090,/
16,451,0000000022667,,0680082246,,ACH DR CASH CONCENTRATI ACH
49,+0000000613527,0000007/
98,+0006895237234,0000017,0000379/
99,+0006895237234,0000001,0000381/
